%% This BibTeX bibliography file was created using BibDesk.
%% https://bibdesk.sourceforge.io/

%% Created for gamblin2 at 2025-04-15 20:52:11 +0900


%% Saved with string encoding Unicode (UTF-8)



@misc{seketeli:libabigail,
	author = {Dodji Seketeli},
	date-added = {2025-04-15 20:52:09 +0900},
	date-modified = {2025-04-15 20:52:09 +0900},
	howpublished = {https://sourceware.org/libabigail/},
	title = {{libabigail: The ABI Generic Analysis and Instrumentation Library}},
	bdsk-url-1 = {https://sourceware.org/libabigail/}}

@manual{guix-manual-grafts,
	author = {Court\`{e}s, Ludovic},
	date-added = {2025-04-15 10:30:12 +0900},
	date-modified = {2025-04-15 10:30:54 +0900},
	title = {{Security Updates}},
	url = {https://guix.gnu.org/manual/devel/en/html\_node/Security-Updates.html},
	year = {2016},
	bdsk-url-1 = {https://guix.gnu.org/blog/2016/timely-delivery-of-security-updates/}}

@inproceedings{courtes-guix-2015,
	address = {Vienne, Austria},
	author = {Court{\`e}s, Ludovic and Wurmus, Ricardo},
	booktitle = {{2nd International Workshop on Reproducibility in Parallel Computing (RepPar)}},
	date-added = {2025-04-15 10:28:22 +0900},
	date-modified = {2025-04-15 10:28:22 +0900},
	hal_id = {hal-01161771},
	hal_version = {v2},
	keywords = {hpc ; reproducible research ; package management ; calcul intensif ; gestion de paquets ; r{\'e}p{\'e}tabilit{\'e}},
	month = Aug,
	pdf = {https://hal.inria.fr/hal-01161771v2/file/reproducible-hpc.pdf},
	title = {{Reproducible and User-Controlled Software Environments in HPC with Guix}},
	url = {https://hal.inria.fr/hal-01161771},
	year = {2015},
	bdsk-file-1 = {YnBsaXN0MDDSAQIDBFxyZWxhdGl2ZVBhdGhYYm9va21hcmtfED8uLi8uLi8uLi9Xb3Jrc3BhY2Uvc3JjL2J1aWxkLWJpYi9wYXBlcnMvY291cnRlcy1ndWl4LTIwMTUtYS5wZGZPEQQ0Ym9vazQEAAAAAAQQMAAAAAAAAAAAAAAAAAAAAAAAAAAAAAAAAAAAAAAAAAAAAAAAMAMAAAUAAAABAQAAVXNlcnMAAAAIAAAAAQEAAGdhbWJsaW4yCQAAAAEBAABXb3Jrc3BhY2UAAAADAAAAAQEAAHNyYwAJAAAAAQEAAGJ1aWxkLWJpYgAAAAYAAAABAQAAcGFwZXJzAAAXAAAAAQEAAGNvdXJ0ZXMtZ3VpeC0yMDE1LWEucGRmABwAAAABBgAABAAAABQAAAAkAAAAOAAAAEQAAABYAAAAaAAAAAgAAAAEAwAAK0MAAAAAAAAIAAAABAMAAOhHDQAAAAAACAAAAAQDAABmzxkAAAAAAAgAAAAEAwAAEdAZAAAAAAAIAAAABAMAAMDDNQAAAAAACAAAAAQDAACAxDUAAAAAAAgAAAAEAwAAksQ1AAAAAAAcAAAAAQYAAKwAAAC8AAAAzAAAANwAAADsAAAA/AAAAAwBAAAIAAAAAAQAAEHG1vUEjBIiGAAAAAECAAABAAAAAAAAAA8AAAAAAAAAAAAAAAAAAAAIAAAABAMAAAUAAAAAAAAABAAAAAMDAAD4AQAACAAAAAEJAABmaWxlOi8vLwwAAAABAQAATWFjaW50b3NoIEhECAAAAAQDAAAAkIKW5wAAAAgAAAAABAAAQcbKs6iAAAAkAAAAAQEAADY0OTk0QTA2LTNCNjEtNERGNi1CRUUwLUEyMEVGRkU2NjI1NhgAAAABAgAAgQAAAAEAAADvEwAAAQAAAAAAAAAAAAAAAQAAAAEBAAAvAAAAAAAAAAEFAAD4AAAAAQIAADY5ODhjNWRlNzBjMGMyMDRiNDM1OTQ2YmQzZmY4OGIwMTdlZGJmZjZlZjUyNDAzYjJmNTBmOTFjNGIxZjM1YzY7MDA7MDAwMDAwMDA7MDAwMDAwMDA7MDAwMDAwMDA7MDAwMDAwMDAwMDAwMDAyMDtjb20uYXBwbGUuYXBwLXNhbmRib3gucmVhZC13cml0ZTswMTswMTAwMDAwZTswMDAwMDAwMDAwMzVjNDkyOzAxOy91c2Vycy9nYW1ibGluMi93b3Jrc3BhY2Uvc3JjL2J1aWxkLWJpYi9wYXBlcnMvY291cnRlcy1ndWl4LTIwMTUtYS5wZGYAzAAAAP7///8BAAAAAAAAABAAAAAEEAAAiAAAAAAAAAAFEAAAHAEAAAAAAAAQEAAAUAEAAAAAAABAEAAAQAEAAAAAAAACIAAAHAIAAAAAAAAFIAAAjAEAAAAAAAAQIAAAnAEAAAAAAAARIAAA0AEAAAAAAAASIAAAsAEAAAAAAAATIAAAwAEAAAAAAAAgIAAA/AEAAAAAAAAwIAAAKAIAAAAAAAABwAAAcAEAAAAAAAARwAAAFAAAAAAAAAASwAAAgAEAAAAAAACA8AAAMAIAAAAAAAAACAANABoAIwBlAAAAAAAAAgEAAAAAAAAABQAAAAAAAAAAAAAAAAAABJ0=},
	bdsk-url-1 = {https://hal.inria.fr/hal-01161771}}

@inproceedings{gamblin2015spack,
	author = {Gamblin, Todd and LeGendre, Matthew and Collette, Michael R and Lee, Gregory L and Moody, Adam and De Supinski, Bronis R and Futral, Scott},
	booktitle = {Proceedings of the international conference for high performance computing, networking, storage and analysis},
	pages = {1--12},
	title = {The Spack package manager: bringing order to HPC software chaos},
	year = {2015}}

@inproceedings{hammond2023mpi,
	address = {New York, NY, USA},
	articleno = {1},
	author = {Hammond, Jeff and Dalcin, Lisandro and Schnetter, Erik and P\'{e}Rache, Marc and Besnard, Jean-Baptiste and Brown, Jed and Gadeschi, Gonzalo Brito and Byrne, Simon and Schuchart, Joseph and Zhou, Hui},
	booktitle = {Proceedings of the 30th European MPI Users' Group Meeting},
	doi = {10.1145/3615318.3615319},
	isbn = {9798400709135},
	keywords = {MPI},
	location = {Bristol, United Kingdom},
	numpages = {12},
	publisher = {Association for Computing Machinery},
	series = {EuroMPI '23},
	title = {MPI Application Binary Interface Standardization},
	url = {https://doi.org/10.1145/3615318.3615319},
	year = {2023},
	bdsk-url-1 = {https://doi.org/10.1145/3615318.3615319}}

@manual{trilinos-website,
	author = {The {T}rilinos {P}roject {T}eam},
	title = {The {T}rilinos {P}roject {W}ebsite}}

@manual{cray-docs,
	author = {Hewlett {P}ackard {E}nterprise {D}evelopment},
	title = {Cray {MPICH} {D}ocumentation},
	url = {https://cpe.ext.hpe.com/docs/24.03/mpt/mpich},
	year = {2025},
	bdsk-url-1 = {https://cpe.ext.hpe.com/docs/24.03/mpt/mpich}}

@article{dicosmo2006edos,
	author = {Di Cosmo, Roberto},
	title = {EDOS deliverable WP2-D2. 2: Report on Formal Management of Software Dependencies},
	year = {2006}}

@manual{cox2016version,
	author = {Cox, Russ},
	month = {December},
	title = {Version SAT: Dependency hell is NP-complete. But maybe we can climb out.},
	url = {https://research.swtch.com/version-sat},
	year = {2016},
	bdsk-url-1 = {https://research.swtch.com/version-sat}}

@article{gebser2016potassco,
	address = {NLD},
	author = {Gebser, Martin and Kaufmann, Benjamin and Kaminski, Roland and Ostrowski, Max and Schaub, Torsten and Schneider, Marius},
	issn = {0921-7126},
	issue_date = {April 2011},
	journal = {AI Commun.},
	keywords = {declarative problem solving, Answer set programming},
	month = apr,
	number = {2},
	numpages = {18},
	pages = {107--124},
	publisher = {IOS Press},
	title = {Potassco: The Potsdam Answer Set Solving Collection},
	volume = {24},
	year = {2011}}

@inproceedings{gamblin2022asp,
	author = {Gamblin, Todd and Culpo, Massimiliano and Becker, Gregory and Shudler, Sergei},
	booktitle = {SC22: International Conference for High Performance Computing, Networking, Storage and Analysis},
	doi = {10.1109/SC41404.2022.00040},
	keywords = {Runtime;Semantics;Full stack;Programming;Syntactics;Search problems;Software;High performance computing;Software packages;Package management;Logic programming;Answer set programming;Software reusability;Dependency management},
	pages = {1-15},
	title = {Using Answer Set Programming for HPC Dependency Solving},
	year = {2022},
	bdsk-url-1 = {https://doi.org/10.1109/SC41404.2022.00040}}

@article{davis1960computing,
	address = {New York, NY, USA},
	author = {Davis, Martin and Putnam, Hilary},
	doi = {10.1145/321033.321034},
	issn = {0004-5411},
	issue_date = {July 1960},
	month = jul,
	number = {3},
	numpages = {15},
	pages = {201--215},
	publisher = {Association for Computing Machinery},
	title = {A Computing Procedure for Quantification Theory},
	url = {https://doi.org/10.1145/321033.321034},
	volume = {7},
	year = {1960},
	bdsk-url-1 = {https://doi.org/10.1145/321033.321034}}

@article{davis1962machine,
	abstract = {The programming of a proof procedure is discussed in connection with trial runs and possible improvements.},
	address = {New York, NY, USA},
	author = {Davis, Martin and Logemann, George and Loveland, Donald},
	doi = {10.1145/368273.368557},
	issn = {0001-0782},
	issue_date = {July 1962},
	journal = {Commun. ACM},
	month = jul,
	number = {7},
	numpages = {4},
	pages = {394--397},
	publisher = {Association for Computing Machinery},
	title = {A machine program for theorem-proving},
	url = {https://doi.org/10.1145/368273.368557},
	volume = {5},
	year = {1962},
	bdsk-url-1 = {https://doi.org/10.1145/368273.368557}}

@inproceedings{moskewicz2001chaff,
	address = {New York, NY, USA},
	author = {Moskewicz, Matthew W. and Madigan, Conor F. and Zhao, Ying and Zhang, Lintao and Malik, Sharad},
	booktitle = {Proceedings of the 38th Annual Design Automation Conference},
	doi = {10.1145/378239.379017},
	isbn = {1581132972},
	keywords = {boolean satisfiability, design verification},
	location = {Las Vegas, Nevada, USA},
	numpages = {6},
	pages = {530--535},
	publisher = {Association for Computing Machinery},
	series = {DAC '01},
	title = {Chaff: engineering an efficient SAT solver},
	url = {https://doi.org/10.1145/378239.379017},
	year = {2001},
	bdsk-url-1 = {https://doi.org/10.1145/378239.379017}}

@inproceedings{dolstra2004nix,
	address = {USA},
	author = {Dolstra, Eelco and de Jonge, Merijn and Visser, Eelco},
	booktitle = {Proceedings of the 18th USENIX Conference on System Administration},
	location = {Atlanta, GA},
	numpages = {14},
	pages = {79--92},
	publisher = {USENIX Association},
	series = {LISA '04},
	title = {Nix: A Safe and Policy-Free System for Software Deployment},
	year = {2004}}

@inproceedings{dolstra2008nixos,
	address = {New York, NY, USA},
	author = {Dolstra, Eelco and L\"{o}h, Andres},
	booktitle = {Proceedings of the 13th ACM SIGPLAN International Conference on Functional Programming},
	doi = {10.1145/1411204.1411255},
	isbn = {9781595939197},
	keywords = {NixOS, nix, package management, purely functional deployment model, purely functional language, software deployment, system configuration management},
	location = {Victoria, BC, Canada},
	numpages = {12},
	pages = {367--378},
	publisher = {Association for Computing Machinery},
	series = {ICFP '08},
	title = {NixOS: a purely functional Linux distribution},
	url = {https://doi.org/10.1145/1411204.1411255},
	year = {2008},
	bdsk-url-1 = {https://doi.org/10.1145/1411204.1411255}}

@inproceedings{gabriel2004open,
	author = {Gabriel, Edgar and Fagg, Graham E and Bosilca, George and Angskun, Thara and Dongarra, Jack J and Squyres, Jeffrey M and Sahay, Vishal and Kambadur, Prabhanjan and Barrett, Brian and Lumsdaine, Andrew and others},
	booktitle = {Recent Advances in Parallel Virtual Machine and Message Passing Interface: 11th European PVM/MPI Users' Group Meeting Budapest, Hungary, September 19-22, 2004. Proceedings 11},
	organization = {Springer},
	pages = {97--104},
	title = {Open MPI: Goals, concept, and design of a next generation MPI implementation},
	year = {2004}}

@article{gropp1996mpich,
	author = {William Gropp and Ewing Lusk and Nathan Doss and Anthony Skjellum},
	doi = {https://doi.org/10.1016/0167-8191(96)00024-5},
	issn = {0167-8191},
	journal = {Parallel Computing},
	keywords = {Message passing interface, Parallel programming environment, Benchmark, Performance, Portability, MPI-2},
	number = {6},
	pages = {789-828},
	title = {A high-performance, portable implementation of the MPI message passing interface standard},
	volume = {22},
	year = {1996},
	bdsk-url-1 = {https://doi.org/10.1016/0167-8191(96)00024-5}}

@software{dolstra-patchelf,
	author = {Dolstra, Eecol},
	title = {patchelf},
	url = {https://github.com/NixOS/patchelf},
	version = {0.18.0},
	bdsk-url-1 = {https://github.com/NixOS/patchelf}}

@manual{courtes2016timely,
	author = {Court\`{e}s, Ludovic},
	title = {Timely delivery of security updates},
	url = {https://guix.gnu.org/blog/2016/timely-delivery-of-security-updates/},
	year = {2016},
	bdsk-url-1 = {https://guix.gnu.org/blog/2016/timely-delivery-of-security-updates/}}

@manual{courtes2020grafts,
	author = {Court\`{e}s, Ludovic},
	title = {Grafts, continued},
	url = {https://guix.gnu.org/blog/2020/grafts-continued/},
	year = {2020},
	bdsk-url-1 = {https://guix.gnu.org/blog/2020/grafts-continued/}}

@manual{odonell2023rhelabi,
        author={Carlos O'Donell},
        title = {How to use RHEL application compatiblity guidelines},
        url = {https://developers.redhat.com/articles/2023/05/18/how-use-rhel-application-compatibility-guidelines},
        year = {2023}}
